%% This BibTeX bibliography file was created using BibDesk.
%% http://bibdesk.sourceforge.net/


%% Created for David Lawrence Miller at 2014-05-07 11:21:23 -0400 


%% Saved with string encoding Unicode (UTF-8) 



@article{Eidous:2011,
	Author = {Eidous, O and Shakhatreh, M K},
	Journal = {Communications in Statistics - Theory and Methods},
	Number = {24},
	Pages = {4353-4363},
	Title = {{Asymptotic Unbiased Kernel Estimator for Line Transect Sampling}},
	Volume = {40},
	Year = {2011}}

@article{Miller:2013us,
	Abstract = {Summary 1. Our understanding of a biological population can be greatly enhanced by modelling their distribution in space and as a function of environmental covariates. Such models can be used to investigate the relationships between distribution and ... 
},
	Author = {Miller, D L and Burt, M L and Rexstad, E A},
	Date-Added = {2013-09-04T18:08:45GMT},
	Date-Modified = {2014-05-07 15:20:53 +0000},
	File = {{Miller--2013.pdf:/Users/dill/Dropbox/Papers2/2013/Miller--2013.pdf:application/pdf}},
	Journal = {Methods in Ecology and Evolution},
	Local-Url = {file://localhost/Users/dill/Dropbox/Papers2/2013/Miller--2013.pdf},
	Number = {11},
	Pages = {1001--1010},
	Rating = {0},
	Read = {Yes},
	Title = {{Spatial models for distance sampling data: recent developments and future directions}},
	Uri = {\url{papers2://publication/uuid/0D33AE66-FEB3-4D17-80F1-0705D1CE4CCA}},
	Url = {http://onlinelibrary.wiley.com/doi/10.1111/2041-210X.12105/full},
	Volume = {4},
	Year = {2013},
	Bdsk-File-1 = {YnBsaXN0MDDUAQIDBAUGJCVYJHZlcnNpb25YJG9iamVjdHNZJGFyY2hpdmVyVCR0b3ASAAGGoKgHCBMUFRYaIVUkbnVsbNMJCgsMDxJXTlMua2V5c1pOUy5vYmplY3RzViRjbGFzc6INDoACgAOiEBGABIAFgAdccmVsYXRpdmVQYXRoWWFsaWFzRGF0YV8QIC4uL1BhcGVyczIvMjAxMy9NaWxsZXItLTIwMTMucGRm0hcLGBlXTlMuZGF0YU8RAZwAAAAAAZwAAgAADE1hY2ludG9zaCBIRAAAAAAAAAAAAAAAAAAAAM3IwOpIKwAAAAXUnxBNaWxsZXItLTIwMTMucGRmAAAAAAAAAAAAAAAAAAAAAAAAAAAAAAAAAAAAAAAAAAAAAAAAAAAAAAAAAAAAAAAAOwwVzg2n5QAAAAAAAAAAAAEAAwAACSAAAAAAAAAAAAAAAAAAAAAEMjAxMwAQAAgAAM3I+SoAAAARAAgAAM4N4CUAAAABABQABdSfAAXUTgAF09AABcCaAAISKQACAEJNYWNpbnRvc2ggSEQ6VXNlcnM6AGRpbGw6AERyb3Bib3g6AFBhcGVyczI6ADIwMTM6AE1pbGxlci0tMjAxMy5wZGYADgAiABAATQBpAGwAbABlAHIALQAtADIAMAAxADMALgBwAGQAZgAPABoADABNAGEAYwBpAG4AdABvAHMAaAAgAEgARAASADBVc2Vycy9kaWxsL0Ryb3Bib3gvUGFwZXJzMi8yMDEzL01pbGxlci0tMjAxMy5wZGYAEwABLwAAFQACAAv//wAAgAbSGxwdHlokY2xhc3NuYW1lWCRjbGFzc2VzXU5TTXV0YWJsZURhdGGjHR8gVk5TRGF0YVhOU09iamVjdNIbHCIjXE5TRGljdGlvbmFyeaIiIF8QD05TS2V5ZWRBcmNoaXZlctEmJ1Ryb290gAEACAARABoAIwAtADIANwBAAEYATQBVAGAAZwBqAGwAbgBxAHMAdQB3AIQAjgCxALYAvgJeAmACZQJwAnkChwKLApICmwKgAq0CsALCAsUCygAAAAAAAAIBAAAAAAAAACgAAAAAAAAAAAAAAAAAAALM},
	Bdsk-Url-1 = {http://onlinelibrary.wiley.com/doi/10.1111/2041-210X.12105/full}}

@manual{Team:2013wf,
	Address = {Vienna, Austria},
	Author = {{R Core Team}},
	Date-Added = {2013-04-02T18:04:27GMT},
	Date-Modified = {2013-12-10T18:01:35GMT},
	Isbn = {3-900051-07-0},
	Publisher = {R Foundation for Statistical Computing},
	Rating = {0},
	Read = {Yes},
	Title = {{R: A Language and Environment for Statistical Computing}},
	Uri = {\url{papers2://publication/uuid/4390518E-8DD7-408F-BF6D-ED787B5D05AC}},
	Url = {http://www.R-project.org/},
	Year = {2013},
	Bdsk-Url-1 = {http://www.R-project.org/}}

@article{Borkin:2012vj,
	Author = {Borkin, Kerry M and Summers, Ron W and Thomas, Len},
	Date-Added = {2013-12-10T17:54:45GMT},
	Date-Modified = {2013-12-10T18:12:28GMT},
	File = {{Borkin--2012.pdf:/Users/dill/Dropbox/Papers2/2012/Borkin--2012.pdf:application/pdf}},
	Journal = {European Journal of Entomology},
	Local-Url = {file://localhost/Users/dill/Dropbox/Papers2/2012/Borkin--2012.pdf},
	Number = {1},
	Pages = {47--53},
	Rating = {0},
	Read = {Yes},
	Title = {{Surveying abundance and stand type associations of \emph{Formica aquilonia} and \emph{F. lugubris} (\emph{Hymenoptera: Formicidae}) nest mounds over an extensive area: Trialing a novel method}},
	Uri = {\url{papers2://publication/uuid/01DB7809-4D57-4C94-AB27-0BDF5720C10E}},
	Url = {http://www.creem.st-and.ac.uk/len/papers/BorkinEJE2012.pdf},
	Volume = {109},
	Year = {2012},
	Bdsk-File-1 = {YnBsaXN0MDDUAQIDBAUGJCVYJHZlcnNpb25YJG9iamVjdHNZJGFyY2hpdmVyVCR0b3ASAAGGoKgHCBMUFRYaIVUkbnVsbNMJCgsMDxJXTlMua2V5c1pOUy5vYmplY3RzViRjbGFzc6INDoACgAOiEBGABIAFgAdccmVsYXRpdmVQYXRoWWFsaWFzRGF0YV8QIC4uL1BhcGVyczIvMjAxMi9Cb3JraW4tLTIwMTIucGRm0hcLGBlXTlMuZGF0YU8RAZwAAAAAAZwAAgAADE1hY2ludG9zaCBIRAAAAAAAAAAAAAAAAAAAAM3IwOpIKwAAAAXUnBBCb3JraW4tLTIwMTIucGRmAAAAAAAAAAAAAAAAAAAAAAAAAAAAAAAAAAAAAAAAAAAAAAAAAAAAAAAAAAAAAAAApSckzsy/hAAAAAAAAAAAAAEAAwAACSAAAAAAAAAAAAAAAAAAAAAEMjAxMgAQAAgAAM3I+SoAAAARAAgAAM7NBdQAAAABABQABdScAAXUTgAF09AABcCaAAISKQACAEJNYWNpbnRvc2ggSEQ6VXNlcnM6AGRpbGw6AERyb3Bib3g6AFBhcGVyczI6ADIwMTI6AEJvcmtpbi0tMjAxMi5wZGYADgAiABAAQgBvAHIAawBpAG4ALQAtADIAMAAxADIALgBwAGQAZgAPABoADABNAGEAYwBpAG4AdABvAHMAaAAgAEgARAASADBVc2Vycy9kaWxsL0Ryb3Bib3gvUGFwZXJzMi8yMDEyL0Jvcmtpbi0tMjAxMi5wZGYAEwABLwAAFQACAAv//wAAgAbSGxwdHlokY2xhc3NuYW1lWCRjbGFzc2VzXU5TTXV0YWJsZURhdGGjHR8gVk5TRGF0YVhOU09iamVjdNIbHCIjXE5TRGljdGlvbmFyeaIiIF8QD05TS2V5ZWRBcmNoaXZlctEmJ1Ryb290gAEACAARABoAIwAtADIANwBAAEYATQBVAGAAZwBqAGwAbgBxAHMAdQB3AIQAjgCxALYAvgJeAmACZQJwAnkChwKLApICmwKgAq0CsALCAsUCygAAAAAAAAIBAAAAAAAAACgAAAAAAAAAAAAAAAAAAALM},
	Bdsk-Url-1 = {http://www.creem.st-and.ac.uk/len/papers/BorkinEJE2012.pdf}}

@article{Laake:2011vm,
	Author = {Laake, Jeffrey L and Collier, B A and Morrison, M L and Wilkins, R N},
	Date-Added = {2013-04-02T20:42:24GMT},
	Date-Modified = {2013-12-10T18:11:17GMT},
	File = {{Laake-Journal_of_Agricultural_Biological_and_Environmental_Statistics-2011.pdf:/Users/dill/Dropbox/Papers2/2011/Laake-Journal_of_Agricultural_Biological_and_Environmental_Statistics-2011.pdf:application/pdf}},
	Journal = {Journal of Agricultural, Biological, and Environmental Statistics},
	Local-Url = {file://localhost/Users/dill/Dropbox/Papers2/2011/Laake-Journal_of_Agricultural_Biological_and_Environmental_Statistics-2011.pdf},
	Number = {3},
	Pages = {389--408},
	Publisher = {Springer},
	Rating = {0},
	Title = {{Point-based mark-recapture distance sampling}},
	Uri = {\url{papers2://publication/uuid/C056CE6D-AF3F-4AE2-8C85-A5BA2E05C06D}},
	Url = {http://link.springer.com/article/10.1007/s13253-011-0059-5},
	Volume = {16},
	Year = {2011},
	Bdsk-File-1 = {YnBsaXN0MDDUAQIDBAUGJCVYJHZlcnNpb25YJG9iamVjdHNZJGFyY2hpdmVyVCR0b3ASAAGGoKgHCBMUFRYaIVUkbnVsbNMJCgsMDxJXTlMua2V5c1pOUy5vYmplY3RzViRjbGFzc6INDoACgAOiEBGABIAFgAdccmVsYXRpdmVQYXRoWWFsaWFzRGF0YV8QXi4uL1BhcGVyczIvMjAxMS9MYWFrZS1Kb3VybmFsX29mX0FncmljdWx0dXJhbF9CaW9sb2dpY2FsX2FuZF9FbnZpcm9ubWVudGFsX1N0YXRpc3RpY3MtMjAxMS5wZGbSFwsYGVdOUy5kYXRhTxECZgAAAAACZgACAAAMTWFjaW50b3NoIEhEAAAAAAAAAAAAAAAAAAAAzcjA6kgrAAAABdSbH0xhYWtlLUpvdXJuYWxfb2ZfQWdyaSM1RkIwNy5wZGYAAAAAAAAAAAAAAAAAAAAAAAAAAAAAAAAAAAAAAAAAAAAF+wfNgBLtAAAAAAAAAAAAAQADAAAJIAAAAAAAAAAAAAAAAAAAAAQyMDExABAACAAAzcj5KgAAABEACAAAzYBLLQAAAAEAFAAF1JsABdROAAXT0AAFwJoAAhIpAAIAUU1hY2ludG9zaCBIRDpVc2VyczoAZGlsbDoARHJvcGJveDoAUGFwZXJzMjoAMjAxMToATGFha2UtSm91cm5hbF9vZl9BZ3JpIzVGQjA3LnBkZgAADgCeAE4ATABhAGEAawBlAC0ASgBvAHUAcgBuAGEAbABfAG8AZgBfAEEAZwByAGkAYwB1AGwAdAB1AHIAYQBsAF8AQgBpAG8AbABvAGcAaQBjAGEAbABfAGEAbgBkAF8ARQBuAHYAaQByAG8AbgBtAGUAbgB0AGEAbABfAFMAdABhAHQAaQBzAHQAaQBjAHMALQAyADAAMQAxAC4AcABkAGYADwAaAAwATQBhAGMAaQBuAHQAbwBzAGgAIABIAEQAEgBuVXNlcnMvZGlsbC9Ecm9wYm94L1BhcGVyczIvMjAxMS9MYWFrZS1Kb3VybmFsX29mX0FncmljdWx0dXJhbF9CaW9sb2dpY2FsX2FuZF9FbnZpcm9ubWVudGFsX1N0YXRpc3RpY3MtMjAxMS5wZGYAEwABLwAAFQACAAv//wAAgAbSGxwdHlokY2xhc3NuYW1lWCRjbGFzc2VzXU5TTXV0YWJsZURhdGGjHR8gVk5TRGF0YVhOU09iamVjdNIbHCIjXE5TRGljdGlvbmFyeaIiIF8QD05TS2V5ZWRBcmNoaXZlctEmJ1Ryb290gAEACAARABoAIwAtADIANwBAAEYATQBVAGAAZwBqAGwAbgBxAHMAdQB3AIQAjgDvAPQA/ANmA2gDbQN4A4EDjwOTA5oDowOoA7UDuAPKA80D0gAAAAAAAAIBAAAAAAAAACgAAAAAAAAAAAAAAAAAAAPU},
	Bdsk-Url-1 = {http://link.springer.com/article/10.1007/s13253-011-0059-5}}

@article{Johnson:2010gf,
	Abstract = {We consider a fully model-based approach for the analysis of distance sampling data. Distance sampling has been widely used to estimate abundance (or density) of animals or plants in a spatially explicit study area. There is, however, no readily available method of making statistical inference on the relationships between abundance and environmental covariates. Spatial Poisson process likelihoods can be used to simultaneously estimate detection and intensity parameters by modeling distance sampling data as a thinned spatial point process. A model-based spatial approach to distance sampling data has three main benefits: it allows complex and opportunistic transect designs to be employed, it allows estimation of abundance in small subregions, and it provides a framework to assess the effects of habitat or experimental manipulation on density. We demonstrate the model-based methodology with a small simulation study and analysis of the Dubbo weed data set. In addition, a simple ad hoc method for handling overdispersion is also proposed. The simulation study showed that the model-based approach compared favorably to conventional distance sampling methods for abundance estimation. In addition, the overdispersion correction performed adequately when the number of transects was high. Analysis of the Dubbo data set indicated a transect effect on abundance via Akaike's information criterion model selection. Further goodness-of-fit analysis, however, indicated some potential confounding of intensity with the detection function.},
	Affiliation = {National Marine Mammal Laboratory, Alaska Fisheries Science Center, NOAA National Marine Fisheries Service, Seattle, Washington 98115, USA. devin.johnson@noaa.gov},
	Author = {Johnson, Devin S and Laake, Jeffrey L and Ver Hoef, Jay M},
	Date-Added = {2012-05-29T18:46:24GMT},
	Date-Modified = {2013-12-10T18:02:14GMT},
	Doi = {10.1111/j.1541-0420.2009.01265.x},
	File = {{Johnson-Biometrics-2010.pdf:/Users/dill/Dropbox/Papers2/2010/Johnson-Biometrics-2010.pdf:application/pdf}},
	Journal = {Biometrics},
	Language = {English},
	Local-Url = {file://localhost/Users/dill/Dropbox/Papers2/2010/Johnson-Biometrics-2010.pdf},
	Number = {1},
	Pages = {310--318},
	Pmid = {19459840},
	Rating = {0},
	Read = {Yes},
	Title = {{A model-based approach for making ecological inference from distance sampling data.}},
	Uri = {\url{papers2://publication/doi/10.1111/j.1541-0420.2009.01265.x}},
	Volume = {66},
	Year = {2010},
	Bdsk-File-1 = {YnBsaXN0MDDUAQIDBAUGJCVYJHZlcnNpb25YJG9iamVjdHNZJGFyY2hpdmVyVCR0b3ASAAGGoKgHCBMUFRYaIVUkbnVsbNMJCgsMDxJXTlMua2V5c1pOUy5vYmplY3RzViRjbGFzc6INDoACgAOiEBGABIAFgAdccmVsYXRpdmVQYXRoWWFsaWFzRGF0YV8QKy4uL1BhcGVyczIvMjAxMC9Kb2huc29uLUJpb21ldHJpY3MtMjAxMC5wZGbSFwsYGVdOUy5kYXRhTxEBygAAAAABygACAAAMTWFjaW50b3NoIEhEAAAAAAAAAAAAAAAAAAAAzcjA6kgrAAAABdSaG0pvaG5zb24tQmlvbWV0cmljcy0yMDEwLnBkZgAAAAAAAAAAAAAAAAAAAAAAAAAAAAAAAAAAAAAAAAAAAAAAAAAI7pHL6fuqAAAAAAAAAAAAAQADAAAJIAAAAAAAAAAAAAAAAAAAAAQyMDEwABAACAAAzcj5KgAAABEACAAAy+oz6gAAAAEAFAAF1JoABdROAAXT0AAFwJoAAhIpAAIATU1hY2ludG9zaCBIRDpVc2VyczoAZGlsbDoARHJvcGJveDoAUGFwZXJzMjoAMjAxMDoASm9obnNvbi1CaW9tZXRyaWNzLTIwMTAucGRmAAAOADgAGwBKAG8AaABuAHMAbwBuAC0AQgBpAG8AbQBlAHQAcgBpAGMAcwAtADIAMAAxADAALgBwAGQAZgAPABoADABNAGEAYwBpAG4AdABvAHMAaAAgAEgARAASADtVc2Vycy9kaWxsL0Ryb3Bib3gvUGFwZXJzMi8yMDEwL0pvaG5zb24tQmlvbWV0cmljcy0yMDEwLnBkZgAAEwABLwAAFQACAAv//wAAgAbSGxwdHlokY2xhc3NuYW1lWCRjbGFzc2VzXU5TTXV0YWJsZURhdGGjHR8gVk5TRGF0YVhOU09iamVjdNIbHCIjXE5TRGljdGlvbmFyeaIiIF8QD05TS2V5ZWRBcmNoaXZlctEmJ1Ryb290gAEACAARABoAIwAtADIANwBAAEYATQBVAGAAZwBqAGwAbgBxAHMAdQB3AIQAjgC8AMEAyQKXApkCngKpArICwALEAssC1ALZAuYC6QL7Av4DAwAAAAAAAAIBAAAAAAAAACgAAAAAAAAAAAAAAAAAAAMF},
	Bdsk-Url-1 = {http://dx.doi.org/10.1111/j.1541-0420.2009.01265.x}}

@article{Thomas:2010cf,
	Author = {Thomas, Len and Buckland, Stephen T and Rexstad, E A and Laake, Jeffrey L and Strindberg, Samantha and Hedley, Sharon L and Bishop, Jon RB and Marques, Tiago A and Burnham, Kenneth P},
	Date-Added = {2010-07-14T20:18:23GMT},
	Date-Modified = {2013-12-10T18:00:16GMT},
	Doi = {10.1111/j.1365-2664.2009.01737.x},
	File = {{Thomas-Journal_of_Applied_Ecology-2010.pdf:/Users/dill/Dropbox/Papers2/2010/Thomas-Journal_of_Applied_Ecology-2010.pdf:application/pdf}},
	Journal = {Journal of Applied Ecology},
	Local-Url = {file://localhost/Users/dill/Dropbox/Papers2/2010/Thomas-Journal_of_Applied_Ecology-2010.pdf},
	Number = {1},
	Pages = {5--14},
	Rating = {0},
	Read = {Yes},
	Title = {{Distance software: design and analysis of distance sampling surveys for estimating population size}},
	Uri = {\url{papers2://publication/doi/10.1111/j.1365-2664.2009.01737.x}},
	Volume = {47},
	Year = {2010},
	Bdsk-File-1 = {YnBsaXN0MDDUAQIDBAUGJCVYJHZlcnNpb25YJG9iamVjdHNZJGFyY2hpdmVyVCR0b3ASAAGGoKgHCBMUFRYaIVUkbnVsbNMJCgsMDxJXTlMua2V5c1pOUy5vYmplY3RzViRjbGFzc6INDoACgAOiEBGABIAFgAdccmVsYXRpdmVQYXRoWWFsaWFzRGF0YV8QOi4uL1BhcGVyczIvMjAxMC9UaG9tYXMtSm91cm5hbF9vZl9BcHBsaWVkX0Vjb2xvZ3ktMjAxMC5wZGbSFwsYGVdOUy5kYXRhTxEB+gAAAAAB+gACAAAMTWFjaW50b3NoIEhEAAAAAAAAAAAAAAAAAAAAzcjA6kgrAAAABdSaH1Rob21hcy1Kb3VybmFsX29mX0FwcCM4RjYyMS5wZGYAAAAAAAAAAAAAAAAAAAAAAAAAAAAAAAAAAAAAAAAAAAAI9iHIYxTIAAAAAAAAAAAAAQADAAAJIAAAAAAAAAAAAAAAAAAAAAQyMDEwABAACAAAzcj5KgAAABEACAAAyGNNCAAAAAEAFAAF1JoABdROAAXT0AAFwJoAAhIpAAIAUU1hY2ludG9zaCBIRDpVc2VyczoAZGlsbDoARHJvcGJveDoAUGFwZXJzMjoAMjAxMDoAVGhvbWFzLUpvdXJuYWxfb2ZfQXBwIzhGNjIxLnBkZgAADgBWACoAVABoAG8AbQBhAHMALQBKAG8AdQByAG4AYQBsAF8AbwBmAF8AQQBwAHAAbABpAGUAZABfAEUAYwBvAGwAbwBnAHkALQAyADAAMQAwAC4AcABkAGYADwAaAAwATQBhAGMAaQBuAHQAbwBzAGgAIABIAEQAEgBKVXNlcnMvZGlsbC9Ecm9wYm94L1BhcGVyczIvMjAxMC9UaG9tYXMtSm91cm5hbF9vZl9BcHBsaWVkX0Vjb2xvZ3ktMjAxMC5wZGYAEwABLwAAFQACAAv//wAAgAbSGxwdHlokY2xhc3NuYW1lWCRjbGFzc2VzXU5TTXV0YWJsZURhdGGjHR8gVk5TRGF0YVhOU09iamVjdNIbHCIjXE5TRGljdGlvbmFyeaIiIF8QD05TS2V5ZWRBcmNoaXZlctEmJ1Ryb290gAEACAARABoAIwAtADIANwBAAEYATQBVAGAAZwBqAGwAbgBxAHMAdQB3AIQAjgDLANAA2ALWAtgC3QLoAvEC/wMDAwoDEwMYAyUDKAM6Az0DQgAAAAAAAAIBAAAAAAAAACgAAAAAAAAAAAAAAAAAAANE},
	Bdsk-Url-1 = {http://dx.doi.org/10.1111/j.1365-2664.2009.01737.x}}

@article{Benaglia:2009uo,
	Author = {Benaglia, Tatiana and Chauveau, Didier and Hunter, David R and Young, Derek S},
	Date-Added = {2010-03-23T21:59:19GMT},
	Date-Modified = {2013-12-10T18:12:07GMT},
	File = {{Benaglia-J_Stat_Softw-2009.pdf:/Users/dill/Dropbox/Papers2/2009/Benaglia-J_Stat_Softw-2009.pdf:application/pdf}},
	Journal = {Journal of statistical software},
	Local-Url = {file://localhost/Users/dill/Dropbox/Papers2/2009/Benaglia-J_Stat_Softw-2009.pdf},
	Number = {6},
	Pages = {1--29},
	Rating = {0},
	Read = {Yes},
	Title = {{mixtools: An R package for analyzing finite mixture models}},
	Uri = {\url{papers2://publication/uuid/B627D7E4-58F2-4706-8E48-83EA1ECD7D2C}},
	Url = {http://hal.archives-ouvertes.fr/hal-00384896/},
	Volume = {32},
	Year = {2009},
	Bdsk-File-1 = {YnBsaXN0MDDUAQIDBAUGJCVYJHZlcnNpb25YJG9iamVjdHNZJGFyY2hpdmVyVCR0b3ASAAGGoKgHCBMUFRYaIVUkbnVsbNMJCgsMDxJXTlMua2V5c1pOUy5vYmplY3RzViRjbGFzc6INDoACgAOiEBGABIAFgAdccmVsYXRpdmVQYXRoWWFsaWFzRGF0YV8QLi4uL1BhcGVyczIvMjAwOS9CZW5hZ2xpYS1KX1N0YXRfU29mdHctMjAwOS5wZGbSFwsYGVdOUy5kYXRhTxEB1AAAAAAB1AACAAAMTWFjaW50b3NoIEhEAAAAAAAAAAAAAAAAAAAAzcjA6kgrAAAABdSZHkJlbmFnbGlhLUpfU3RhdF9Tb2Z0dy0yMDA5LnBkZgAAAAAAAAAAAAAAAAAAAAAAAAAAAAAAAAAAAAAAAAAAAAAJucHINFTtAAAAAAAAAAAAAQADAAAJIAAAAAAAAAAAAAAAAAAAAAQyMDA5ABAACAAAzcj5KgAAABEACAAAyDSNLQAAAAEAFAAF1JkABdROAAXT0AAFwJoAAhIpAAIAUE1hY2ludG9zaCBIRDpVc2VyczoAZGlsbDoARHJvcGJveDoAUGFwZXJzMjoAMjAwOToAQmVuYWdsaWEtSl9TdGF0X1NvZnR3LTIwMDkucGRmAA4APgAeAEIAZQBuAGEAZwBsAGkAYQAtAEoAXwBTAHQAYQB0AF8AUwBvAGYAdAB3AC0AMgAwADAAOQAuAHAAZABmAA8AGgAMAE0AYQBjAGkAbgB0AG8AcwBoACAASABEABIAPlVzZXJzL2RpbGwvRHJvcGJveC9QYXBlcnMyLzIwMDkvQmVuYWdsaWEtSl9TdGF0X1NvZnR3LTIwMDkucGRmABMAAS8AABUAAgAL//8AAIAG0hscHR5aJGNsYXNzbmFtZVgkY2xhc3Nlc11OU011dGFibGVEYXRhox0fIFZOU0RhdGFYTlNPYmplY3TSGxwiI1xOU0RpY3Rpb25hcnmiIiBfEA9OU0tleWVkQXJjaGl2ZXLRJidUcm9vdIABAAgAEQAaACMALQAyADcAQABGAE0AVQBgAGcAagBsAG4AcQBzAHUAdwCEAI4AvwDEAMwCpAKmAqsCtgK/As0C0QLYAuEC5gLzAvYDCAMLAxAAAAAAAAACAQAAAAAAAAAoAAAAAAAAAAAAAAAAAAADEg==},
	Bdsk-Url-1 = {http://hal.archives-ouvertes.fr/hal-00384896/}}

@article{Morgan:2008wy,
	Author = {Morgan, Byron J T and Ridout, Martin S},
	Date-Added = {2009-11-30T12:48:09GMT},
	Date-Modified = {2014-05-07 15:21:23 +0000},
	File = {{Morgan-Journal_of_the_Royal_Statistical_Society-Series_C_Applied_Statistics-2008.pdf:/Users/dill/Dropbox/Papers2/2008/Morgan-Journal_of_the_Royal_Statistical_Society-Series_C_Applied_Statistics-2008.pdf:application/pdf}},
	Journal = {Journal of the Royal Statistical Society. Series C: Applied Statistics},
	Local-Url = {file://localhost/Users/dill/Dropbox/Papers2/2008/Morgan-Journal_of_the_Royal_Statistical_Society-Series_C_Applied_Statistics-2008.pdf},
	Number = {4},
	Pages = {433--446},
	Rating = {0},
	Read = {Yes},
	Title = {{A new mixture model for capture heterogeneity}},
	Uri = {\url{papers2://publication/uuid/A4257F6A-70B7-42F2-9385-02E711CECEA7}},
	Volume = {57},
	Year = {2008},
	Bdsk-File-1 = {YnBsaXN0MDDUAQIDBAUGJCVYJHZlcnNpb25YJG9iamVjdHNZJGFyY2hpdmVyVCR0b3ASAAGGoKgHCBMUFRYaIVUkbnVsbNMJCgsMDxJXTlMua2V5c1pOUy5vYmplY3RzViRjbGFzc6INDoACgAOiEBGABIAFgAdccmVsYXRpdmVQYXRoWWFsaWFzRGF0YV8QZC4uL1BhcGVyczIvMjAwOC9Nb3JnYW4tSm91cm5hbF9vZl90aGVfUm95YWxfU3RhdGlzdGljYWxfU29jaWV0eS1TZXJpZXNfQ19BcHBsaWVkX1N0YXRpc3RpY3MtMjAwOC5wZGbSFwsYGVdOUy5kYXRhTxECeAAAAAACeAACAAAMTWFjaW50b3NoIEhEAAAAAAAAAAAAAAAAAAAAzcjA6kgrAAAABdSYH01vcmdhbi1Kb3VybmFsX29mX3RoZSM5OTQzMS5wZGYAAAAAAAAAAAAAAAAAAAAAAAAAAAAAAAAAAAAAAAAAAAAJlDHINFTtAAAAAAAAAAAAAQADAAAJIAAAAAAAAAAAAAAAAAAAAAQyMDA4ABAACAAAzcj5KgAAABEACAAAyDSNLQAAAAEAFAAF1JgABdROAAXT0AAFwJoAAhIpAAIAUU1hY2ludG9zaCBIRDpVc2VyczoAZGlsbDoARHJvcGJveDoAUGFwZXJzMjoAMjAwODoATW9yZ2FuLUpvdXJuYWxfb2ZfdGhlIzk5NDMxLnBkZgAADgCqAFQATQBvAHIAZwBhAG4ALQBKAG8AdQByAG4AYQBsAF8AbwBmAF8AdABoAGUAXwBSAG8AeQBhAGwAXwBTAHQAYQB0AGkAcwB0AGkAYwBhAGwAXwBTAG8AYwBpAGUAdAB5AC0AUwBlAHIAaQBlAHMAXwBDAF8AQQBwAHAAbABpAGUAZABfAFMAdABhAHQAaQBzAHQAaQBjAHMALQAyADAAMAA4AC4AcABkAGYADwAaAAwATQBhAGMAaQBuAHQAbwBzAGgAIABIAEQAEgB0VXNlcnMvZGlsbC9Ecm9wYm94L1BhcGVyczIvMjAwOC9Nb3JnYW4tSm91cm5hbF9vZl90aGVfUm95YWxfU3RhdGlzdGljYWxfU29jaWV0eS1TZXJpZXNfQ19BcHBsaWVkX1N0YXRpc3RpY3MtMjAwOC5wZGYAEwABLwAAFQACAAv//wAAgAbSGxwdHlokY2xhc3NuYW1lWCRjbGFzc2VzXU5TTXV0YWJsZURhdGGjHR8gVk5TRGF0YVhOU09iamVjdNIbHCIjXE5TRGljdGlvbmFyeaIiIF8QD05TS2V5ZWRBcmNoaXZlctEmJ1Ryb290gAEACAARABoAIwAtADIANwBAAEYATQBVAGAAZwBqAGwAbgBxAHMAdQB3AIQAjgD1APoBAgN+A4ADhQOQA5kDpwOrA7IDuwPAA80D0APiA+UD6gAAAAAAAAIBAAAAAAAAACgAAAAAAAAAAAAAAAAAAAPs}}

@article{Williams:2007tc,
	Author = {Williams, Rob and Thomas, Len},
	Date-Added = {2009-11-30T12:48:08GMT},
	Date-Modified = {2013-04-24T16:11:04GMT},
	File = {{Williams-Journal_of_Cetacean_Research_and_Management-2007.pdf:/Users/dill/Dropbox/Papers2/2007/Williams-Journal_of_Cetacean_Research_and_Management-2007.pdf:application/pdf}},
	Journal = {Journal of Cetacean Research and Management},
	Local-Url = {file://localhost/Users/dill/Dropbox/Papers2/2007/Williams-Journal_of_Cetacean_Research_and_Management-2007.pdf},
	Number = {1},
	Pages = {15},
	Rating = {0},
	Read = {Yes},
	Title = {{Distribution and abundance of marine mammals in the coastal waters of British Columbia, Canada}},
	Uri = {\url{papers2://publication/uuid/30A5BBC7-AD4E-4B7E-9BF8-E567E45B1D4F}},
	Volume = {9},
	Year = {2007},
	Bdsk-File-1 = {YnBsaXN0MDDUAQIDBAUGJCVYJHZlcnNpb25YJG9iamVjdHNZJGFyY2hpdmVyVCR0b3ASAAGGoKgHCBMUFRYaIVUkbnVsbNMJCgsMDxJXTlMua2V5c1pOUy5vYmplY3RzViRjbGFzc6INDoACgAOiEBGABIAFgAdccmVsYXRpdmVQYXRoWWFsaWFzRGF0YV8QTS4uL1BhcGVyczIvMjAwNy9XaWxsaWFtcy1Kb3VybmFsX29mX0NldGFjZWFuX1Jlc2VhcmNoX2FuZF9NYW5hZ2VtZW50LTIwMDcucGRm0hcLGBlXTlMuZGF0YU8RAjQAAAAAAjQAAgAADE1hY2ludG9zaCBIRAAAAAAAAAAAAAAAAAAAAM3IwOpIKwAAAAXUlx9XaWxsaWFtcy1Kb3VybmFsX29mX0MjOUM4MzAucGRmAAAAAAAAAAAAAAAAAAAAAAAAAAAAAAAAAAAAAAAAAAAACcgwyjCaWQAAAAAAAAAAAAEAAwAACSAAAAAAAAAAAAAAAAAAAAAEMjAwNwAQAAgAAM3I+SoAAAARAAgAAMow0pkAAAABABQABdSXAAXUTgAF09AABcCaAAISKQACAFFNYWNpbnRvc2ggSEQ6VXNlcnM6AGRpbGw6AERyb3Bib3g6AFBhcGVyczI6ADIwMDc6AFdpbGxpYW1zLUpvdXJuYWxfb2ZfQyM5QzgzMC5wZGYAAA4AfAA9AFcAaQBsAGwAaQBhAG0AcwAtAEoAbwB1AHIAbgBhAGwAXwBvAGYAXwBDAGUAdABhAGMAZQBhAG4AXwBSAGUAcwBlAGEAcgBjAGgAXwBhAG4AZABfAE0AYQBuAGEAZwBlAG0AZQBuAHQALQAyADAAMAA3AC4AcABkAGYADwAaAAwATQBhAGMAaQBuAHQAbwBzAGgAIABIAEQAEgBdVXNlcnMvZGlsbC9Ecm9wYm94L1BhcGVyczIvMjAwNy9XaWxsaWFtcy1Kb3VybmFsX29mX0NldGFjZWFuX1Jlc2VhcmNoX2FuZF9NYW5hZ2VtZW50LTIwMDcucGRmAAATAAEvAAAVAAIAC///AACABtIbHB0eWiRjbGFzc25hbWVYJGNsYXNzZXNdTlNNdXRhYmxlRGF0YaMdHyBWTlNEYXRhWE5TT2JqZWN00hscIiNcTlNEaWN0aW9uYXJ5oiIgXxAPTlNLZXllZEFyY2hpdmVy0SYnVHJvb3SAAQAIABEAGgAjAC0AMgA3AEAARgBNAFUAYABnAGoAbABuAHEAcwB1AHcAhACOAN4A4wDrAyMDJQMqAzUDPgNMA1ADVwNgA2UDcgN1A4cDigOPAAAAAAAAAgEAAAAAAAAAKAAAAAAAAAAAAAAAAAAAA5E=}}

@article{Marques:2007vm,
	Author = {Marques, Tiago A and Thomas, Len and Fancy, SG and Buckland, Stephen T},
	Date-Added = {2010-07-23T21:49:27GMT},
	Date-Modified = {2013-12-10T18:01:47GMT},
	File = {{Marques-The_Auk-2007.pdf:/Users/dill/Dropbox/Papers2/2007/Marques-The_Auk-2007.pdf:application/pdf}},
	Journal = {The Auk},
	Local-Url = {file://localhost/Users/dill/Dropbox/Papers2/2007/Marques-The_Auk-2007.pdf},
	Number = {4},
	Pages = {1229--1243},
	Rating = {0},
	Read = {Yes},
	Title = {{Improving estimates of bird density using multiple-covariate distance sampling}},
	Uri = {\url{papers2://publication/uuid/BA1139E9-4364-46DD-9DE2-1773FF9679E6}},
	Volume = {124},
	Year = {2007},
	Bdsk-File-1 = {YnBsaXN0MDDUAQIDBAUGJCVYJHZlcnNpb25YJG9iamVjdHNZJGFyY2hpdmVyVCR0b3ASAAGGoKgHCBMUFRYaIVUkbnVsbNMJCgsMDxJXTlMua2V5c1pOUy5vYmplY3RzViRjbGFzc6INDoACgAOiEBGABIAFgAdccmVsYXRpdmVQYXRoWWFsaWFzRGF0YV8QKC4uL1BhcGVyczIvMjAwNy9NYXJxdWVzLVRoZV9BdWstMjAwNy5wZGbSFwsYGVdOUy5kYXRhTxEBvAAAAAABvAACAAAMTWFjaW50b3NoIEhEAAAAAAAAAAAAAAAAAAAAzcjA6kgrAAAABdSXGE1hcnF1ZXMtVGhlX0F1ay0yMDA3LnBkZgAAAAAAAAAAAAAAAAAAAAAAAAAAAAAAAAAAAAAAAAAAAAAAAAAAAAAJmYnIb4aYAAAAAAAAAAAAAQADAAAJIAAAAAAAAAAAAAAAAAAAAAQyMDA3ABAACAAAzcj5KgAAABEACAAAyG++2AAAAAEAFAAF1JcABdROAAXT0AAFwJoAAhIpAAIASk1hY2ludG9zaCBIRDpVc2VyczoAZGlsbDoARHJvcGJveDoAUGFwZXJzMjoAMjAwNzoATWFycXVlcy1UaGVfQXVrLTIwMDcucGRmAA4AMgAYAE0AYQByAHEAdQBlAHMALQBUAGgAZQBfAEEAdQBrAC0AMgAwADAANwAuAHAAZABmAA8AGgAMAE0AYQBjAGkAbgB0AG8AcwBoACAASABEABIAOFVzZXJzL2RpbGwvRHJvcGJveC9QYXBlcnMyLzIwMDcvTWFycXVlcy1UaGVfQXVrLTIwMDcucGRmABMAAS8AABUAAgAL//8AAIAG0hscHR5aJGNsYXNzbmFtZVgkY2xhc3Nlc11OU011dGFibGVEYXRhox0fIFZOU0RhdGFYTlNPYmplY3TSGxwiI1xOU0RpY3Rpb25hcnmiIiBfEA9OU0tleWVkQXJjaGl2ZXLRJidUcm9vdIABAAgAEQAaACMALQAyADcAQABGAE0AVQBgAGcAagBsAG4AcQBzAHUAdwCEAI4AuQC+AMYChgKIAo0CmAKhAq8CswK6AsMCyALVAtgC6gLtAvIAAAAAAAACAQAAAAAAAAAoAAAAAAAAAAAAAAAAAAAC9A==}}

@article{Pledger:2005wy,
	Author = {Pledger, S},
	Date-Added = {2009-11-30T12:47:57GMT},
	Date-Modified = {2013-04-02T18:01:39GMT},
	File = {{Pledger-Biometrics-2005.pdf:/Users/dill/Dropbox/Papers2/2005/Pledger-Biometrics-2005.pdf:application/pdf}},
	Journal = {Biometrics},
	Local-Url = {file://localhost/Users/dill/Dropbox/Papers2/2005/Pledger-Biometrics-2005.pdf},
	Number = {3},
	Pages = {868--873},
	Rating = {0},
	Read = {Yes},
	Title = {{The performance of mixture models in heterogeneous closed population capture-recapture}},
	Uri = {\url{papers2://publication/uuid/44A70E0D-5D30-4337-8C7F-B7E43FB07601}},
	Volume = {61},
	Year = {2005},
	Bdsk-File-1 = {YnBsaXN0MDDUAQIDBAUGJCVYJHZlcnNpb25YJG9iamVjdHNZJGFyY2hpdmVyVCR0b3ASAAGGoKgHCBMUFRYaIVUkbnVsbNMJCgsMDxJXTlMua2V5c1pOUy5vYmplY3RzViRjbGFzc6INDoACgAOiEBGABIAFgAdccmVsYXRpdmVQYXRoWWFsaWFzRGF0YV8QKy4uL1BhcGVyczIvMjAwNS9QbGVkZ2VyLUJpb21ldHJpY3MtMjAwNS5wZGbSFwsYGVdOUy5kYXRhTxEBygAAAAABygACAAAMTWFjaW50b3NoIEhEAAAAAAAAAAAAAAAAAAAAzcjA6kgrAAAABdSVG1BsZWRnZXItQmlvbWV0cmljcy0yMDA1LnBkZgAAAAAAAAAAAAAAAAAAAAAAAAAAAAAAAAAAAAAAAAAAAAAAAAAI133INFTrAAAAAAAAAAAAAQADAAAJIAAAAAAAAAAAAAAAAAAAAAQyMDA1ABAACAAAzcj5KgAAABEACAAAyDSNKwAAAAEAFAAF1JUABdROAAXT0AAFwJoAAhIpAAIATU1hY2ludG9zaCBIRDpVc2VyczoAZGlsbDoARHJvcGJveDoAUGFwZXJzMjoAMjAwNToAUGxlZGdlci1CaW9tZXRyaWNzLTIwMDUucGRmAAAOADgAGwBQAGwAZQBkAGcAZQByAC0AQgBpAG8AbQBlAHQAcgBpAGMAcwAtADIAMAAwADUALgBwAGQAZgAPABoADABNAGEAYwBpAG4AdABvAHMAaAAgAEgARAASADtVc2Vycy9kaWxsL0Ryb3Bib3gvUGFwZXJzMi8yMDA1L1BsZWRnZXItQmlvbWV0cmljcy0yMDA1LnBkZgAAEwABLwAAFQACAAv//wAAgAbSGxwdHlokY2xhc3NuYW1lWCRjbGFzc2VzXU5TTXV0YWJsZURhdGGjHR8gVk5TRGF0YVhOU09iamVjdNIbHCIjXE5TRGljdGlvbmFyeaIiIF8QD05TS2V5ZWRBcmNoaXZlctEmJ1Ryb290gAEACAARABoAIwAtADIANwBAAEYATQBVAGAAZwBqAGwAbgBxAHMAdQB3AIQAjgC8AMEAyQKXApkCngKpArICwALEAssC1ALZAuYC6QL7Av4DAwAAAAAAAAIBAAAAAAAAACgAAAAAAAAAAAAAAAAAAAMF}}

@book{Buckland:2004ts,
	Author = {Buckland, Stephen T and anderson, D R and Burnham, Kenneth P and Laake, Jeffrey L and Borchers, David L and Thomas, Len},
	Date-Added = {2012-05-29T18:02:27GMT},
	Date-Modified = {2013-12-10T18:00:04GMT},
	Publisher = {Oxford University Press},
	Rating = {0},
	Read = {Yes},
	Title = {{Advanced Distance Sampling}},
	Uri = {\url{papers2://publication/uuid/1B0A4642-4BC9-4EDA-8F3B-E8C43E2221B9}},
	Year = {2004}}

@article{Hedley:2004et,
	Author = {Hedley, Sharon L and Buckland, Stephen T},
	Date-Added = {2012-05-29T18:20:26GMT},
	Date-Modified = {2013-12-10T18:02:39GMT},
	Doi = {10.1198/1085711043578},
	File = {{Hedley-Journal_of_Agricultural_Biological_and_Environmental_Statistics-2004.pdf:/Users/dill/Dropbox/Papers2/2004/Hedley-Journal_of_Agricultural_Biological_and_Environmental_Statistics-2004.pdf:application/pdf}},
	Journal = {Journal of Agricultural, Biological, and Environmental Statistics},
	Language = {English},
	Local-Url = {file://localhost/Users/dill/Dropbox/Papers2/2004/Hedley-Journal_of_Agricultural_Biological_and_Environmental_Statistics-2004.pdf},
	Number = {2},
	Pages = {181--199},
	Rating = {0},
	Read = {Yes},
	Title = {{Spatial models for line transect sampling}},
	Uri = {\url{papers2://publication/doi/10.1198/1085711043578}},
	Volume = {9},
	Year = {2004},
	Bdsk-File-1 = {YnBsaXN0MDDUAQIDBAUGJCVYJHZlcnNpb25YJG9iamVjdHNZJGFyY2hpdmVyVCR0b3ASAAGGoKgHCBMUFRYaIVUkbnVsbNMJCgsMDxJXTlMua2V5c1pOUy5vYmplY3RzViRjbGFzc6INDoACgAOiEBGABIAFgAdccmVsYXRpdmVQYXRoWWFsaWFzRGF0YV8QXy4uL1BhcGVyczIvMjAwNC9IZWRsZXktSm91cm5hbF9vZl9BZ3JpY3VsdHVyYWxfQmlvbG9naWNhbF9hbmRfRW52aXJvbm1lbnRhbF9TdGF0aXN0aWNzLTIwMDQucGRm0hcLGBlXTlMuZGF0YU8RAmoAAAAAAmoAAgAADE1hY2ludG9zaCBIRAAAAAAAAAAAAAAAAAAAAM3IwOpIKwAAAAXUlB9IZWRsZXktSm91cm5hbF9vZl9BZ3IjOTFDODIucGRmAAAAAAAAAAAAAAAAAAAAAAAAAAAAAAAAAAAAAAAAAAAACRyCvNhsBAAAAAAAAAAAAAEAAwAACSAAAAAAAAAAAAAAAAAAAAAEMjAwNAAQAAgAAM3I+SoAAAARAAgAALzYpEQAAAABABQABdSUAAXUTgAF09AABcCaAAISKQACAFFNYWNpbnRvc2ggSEQ6VXNlcnM6AGRpbGw6AERyb3Bib3g6AFBhcGVyczI6ADIwMDQ6AEhlZGxleS1Kb3VybmFsX29mX0FnciM5MUM4Mi5wZGYAAA4AoABPAEgAZQBkAGwAZQB5AC0ASgBvAHUAcgBuAGEAbABfAG8AZgBfAEEAZwByAGkAYwB1AGwAdAB1AHIAYQBsAF8AQgBpAG8AbABvAGcAaQBjAGEAbABfAGEAbgBkAF8ARQBuAHYAaQByAG8AbgBtAGUAbgB0AGEAbABfAFMAdABhAHQAaQBzAHQAaQBjAHMALQAyADAAMAA0AC4AcABkAGYADwAaAAwATQBhAGMAaQBuAHQAbwBzAGgAIABIAEQAEgBvVXNlcnMvZGlsbC9Ecm9wYm94L1BhcGVyczIvMjAwNC9IZWRsZXktSm91cm5hbF9vZl9BZ3JpY3VsdHVyYWxfQmlvbG9naWNhbF9hbmRfRW52aXJvbm1lbnRhbF9TdGF0aXN0aWNzLTIwMDQucGRmAAATAAEvAAAVAAIAC///AACABtIbHB0eWiRjbGFzc25hbWVYJGNsYXNzZXNdTlNNdXRhYmxlRGF0YaMdHyBWTlNEYXRhWE5TT2JqZWN00hscIiNcTlNEaWN0aW9uYXJ5oiIgXxAPTlNLZXllZEFyY2hpdmVy0SYnVHJvb3SAAQAIABEAGgAjAC0AMgA3AEAARgBNAFUAYABnAGoAbABuAHEAcwB1AHcAhACOAPAA9QD9A2sDbQNyA30DhgOUA5gDnwOoA60DugO9A88D0gPXAAAAAAAAAgEAAAAAAAAAKAAAAAAAAAAAAAAAAAAAA9k=},
	Bdsk-Url-1 = {http://dx.doi.org/10.1198/1085711043578}}

@incollection{Laake:2004tz,
	Author = {Laake, Jeffrey L and Borchers, David L},
	Booktitle = {Advanced Distance Sampling},
	Date-Added = {2013-04-02T20:45:07GMT},
	Date-Modified = {2013-12-10T18:02:26GMT},
	Editor = {Buckland, Stephen T and anderson, D R and Burnham, Kenneth P and Laake, Jeffrey L and Borchers, David L and Thomas, Len},
	Pages = {48--70},
	Publisher = {Oxford University Press},
	Rating = {0},
	Title = {{Methods for incomplete detection at zero distance}},
	Uri = {\url{papers2://publication/uuid/7DB93C5D-CD0C-4467-993C-3D971A0B2A6B}},
	Year = {2004}}

@article{Marques:2003vb,
	Author = {Marques, FFC and Buckland, Stephen T},
	Date-Added = {2011-01-23T23:06:56GMT},
	Date-Modified = {2013-12-10T18:00:40GMT},
	File = {{Marques-Biometrics-2003.pdf:/Users/dill/Dropbox/Papers2/2003/Marques-Biometrics-2003.pdf:application/pdf}},
	Journal = {Biometrics},
	Local-Url = {file://localhost/Users/dill/Dropbox/Papers2/2003/Marques-Biometrics-2003.pdf},
	Number = {4},
	Pages = {924--935},
	Rating = {0},
	Read = {Yes},
	Title = {{Incorporating covariates into standard line transect analyses}},
	Uri = {\url{papers2://publication/uuid/431310FD-EE0C-4EFF-BF51-19DE6D44A652}},
	Volume = {59},
	Year = {2003},
	Bdsk-File-1 = {YnBsaXN0MDDUAQIDBAUGJCVYJHZlcnNpb25YJG9iamVjdHNZJGFyY2hpdmVyVCR0b3ASAAGGoKgHCBMUFRYaIVUkbnVsbNMJCgsMDxJXTlMua2V5c1pOUy5vYmplY3RzViRjbGFzc6INDoACgAOiEBGABIAFgAdccmVsYXRpdmVQYXRoWWFsaWFzRGF0YV8QKy4uL1BhcGVyczIvMjAwMy9NYXJxdWVzLUJpb21ldHJpY3MtMjAwMy5wZGbSFwsYGVdOUy5kYXRhTxEBygAAAAABygACAAAMTWFjaW50b3NoIEhEAAAAAAAAAAAAAAAAAAAAzcjA6kgrAAAABdSTG01hcnF1ZXMtQmlvbWV0cmljcy0yMDAzLnBkZgAAAAAAAAAAAAAAAAAAAAAAAAAAAAAAAAAAAAAAAAAAAAAAAAAI8VTJU0UfAAAAAAAAAAAAAQADAAAJIAAAAAAAAAAAAAAAAAAAAAQyMDAzABAACAAAzcj5KgAAABEACAAAyVOLbwAAAAEAFAAF1JMABdROAAXT0AAFwJoAAhIpAAIATU1hY2ludG9zaCBIRDpVc2VyczoAZGlsbDoARHJvcGJveDoAUGFwZXJzMjoAMjAwMzoATWFycXVlcy1CaW9tZXRyaWNzLTIwMDMucGRmAAAOADgAGwBNAGEAcgBxAHUAZQBzAC0AQgBpAG8AbQBlAHQAcgBpAGMAcwAtADIAMAAwADMALgBwAGQAZgAPABoADABNAGEAYwBpAG4AdABvAHMAaAAgAEgARAASADtVc2Vycy9kaWxsL0Ryb3Bib3gvUGFwZXJzMi8yMDAzL01hcnF1ZXMtQmlvbWV0cmljcy0yMDAzLnBkZgAAEwABLwAAFQACAAv//wAAgAbSGxwdHlokY2xhc3NuYW1lWCRjbGFzc2VzXU5TTXV0YWJsZURhdGGjHR8gVk5TRGF0YVhOU09iamVjdNIbHCIjXE5TRGljdGlvbmFyeaIiIF8QD05TS2V5ZWRBcmNoaXZlctEmJ1Ryb290gAEACAARABoAIwAtADIANwBAAEYATQBVAGAAZwBqAGwAbgBxAHMAdQB3AIQAjgC8AMEAyQKXApkCngKpArICwALEAssC1ALZAuYC6QL7Av4DAwAAAAAAAAIBAAAAAAAAACgAAAAAAAAAAAAAAAAAAAMF}}

@techreport{Pike:2003ug,
	Author = {Pike, D G and Gunnlaugsson, T and Vikingsson, A G and Desportes, G and Mikkelson, B},
	Date-Added = {2011-07-22T17:13:34GMT},
	Date-Modified = {2013-12-10T18:00:53GMT},
	File = {{Pike--2003.pdf:/Users/dill/Dropbox/Papers2/2003/Pike--2003.pdf:application/pdf}},
	Local-Url = {file://localhost/Users/dill/Dropbox/Papers2/2003/Pike--2003.pdf},
	Number = {SC/11/AE/10},
	Publisher = {North Atlantic Marine Mammal Commission (NAMMCO) Scientific Committee Working Group on Abundance Estimates},
	Rating = {0},
	Read = {Yes},
	Title = {{An estimate of the abundance of long-finned pilot whales globicephala melas from the NASS-2001 shipboard survey}},
	Uri = {\url{papers2://publication/uuid/A6E67881-C501-4EE5-89BB-8120AC05D4AF}},
	Year = {2003},
	Bdsk-File-1 = {YnBsaXN0MDDUAQIDBAUGJCVYJHZlcnNpb25YJG9iamVjdHNZJGFyY2hpdmVyVCR0b3ASAAGGoKgHCBMUFRYaIVUkbnVsbNMJCgsMDxJXTlMua2V5c1pOUy5vYmplY3RzViRjbGFzc6INDoACgAOiEBGABIAFgAdccmVsYXRpdmVQYXRoWWFsaWFzRGF0YV8QHi4uL1BhcGVyczIvMjAwMy9QaWtlLS0yMDAzLnBkZtIXCxgZV05TLmRhdGFPEQGUAAAAAAGUAAIAAAxNYWNpbnRvc2ggSEQAAAAAAAAAAAAAAAAAAADNyMDqSCsAAAAF1JMOUGlrZS0tMjAwMy5wZGYAAAAAAAAAAAAAAAAAAAAAAAAAAAAAAAAAAAAAAAAAAAAAAAAAAAAAAAAAAAAAAAAAAAmXicovFNkAAAAAAAAAAAABAAMAAAkgAAAAAAAAAAAAAAAAAAAABDIwMDMAEAAIAADNyPkqAAAAEQAIAADKL00ZAAAAAQAUAAXUkwAF1E4ABdPQAAXAmgACEikAAgBATWFjaW50b3NoIEhEOlVzZXJzOgBkaWxsOgBEcm9wYm94OgBQYXBlcnMyOgAyMDAzOgBQaWtlLS0yMDAzLnBkZgAOAB4ADgBQAGkAawBlAC0ALQAyADAAMAAzAC4AcABkAGYADwAaAAwATQBhAGMAaQBuAHQAbwBzAGgAIABIAEQAEgAuVXNlcnMvZGlsbC9Ecm9wYm94L1BhcGVyczIvMjAwMy9QaWtlLS0yMDAzLnBkZgATAAEvAAAVAAIAC///AACABtIbHB0eWiRjbGFzc25hbWVYJGNsYXNzZXNdTlNNdXRhYmxlRGF0YaMdHyBWTlNEYXRhWE5TT2JqZWN00hscIiNcTlNEaWN0aW9uYXJ5oiIgXxAPTlNLZXllZEFyY2hpdmVy0SYnVHJvb3SAAQAIABEAGgAjAC0AMgA3AEAARgBNAFUAYABnAGoAbABuAHEAcwB1AHcAhACOAK8AtAC8AlQCVgJbAmYCbwJ9AoECiAKRApYCowKmArgCuwLAAAAAAAAAAgEAAAAAAAAAKAAAAAAAAAAAAAAAAAAAAsI=}}

@article{Dorazio:2003uf,
	Author = {Dorazio, Robert M and Andrew Royle, J.},
	Date-Added = {2009-11-30T12:47:43GMT},
	Date-Modified = {2013-12-10T18:05:10GMT},
	File = {{Dorazio-Biometrics-2003.pdf:/Users/dill/Dropbox/Papers2/2003/Dorazio-Biometrics-2003.pdf:application/pdf}},
	Journal = {Biometrics},
	Local-Url = {file://localhost/Users/dill/Dropbox/Papers2/2003/Dorazio-Biometrics-2003.pdf},
	Number = {2},
	Pages = {351--364},
	Publisher = {Wiley Online Library},
	Rating = {0},
	Read = {Yes},
	Title = {{Mixture models for estimating the size of a closed population when capture rates vary among individuals}},
	Uri = {\url{papers2://publication/uuid/D225CEDC-03E2-4206-8B6F-058B9BC6C113}},
	Url = {http://dx.doi.org/10.1111/1541-0420.00042},
	Volume = {59},
	Year = {2003},
	Bdsk-File-1 = {YnBsaXN0MDDUAQIDBAUGJCVYJHZlcnNpb25YJG9iamVjdHNZJGFyY2hpdmVyVCR0b3ASAAGGoKgHCBMUFRYaIVUkbnVsbNMJCgsMDxJXTlMua2V5c1pOUy5vYmplY3RzViRjbGFzc6INDoACgAOiEBGABIAFgAdccmVsYXRpdmVQYXRoWWFsaWFzRGF0YV8QKy4uL1BhcGVyczIvMjAwMy9Eb3JhemlvLUJpb21ldHJpY3MtMjAwMy5wZGbSFwsYGVdOUy5kYXRhTxEBygAAAAABygACAAAMTWFjaW50b3NoIEhEAAAAAAAAAAAAAAAAAAAAzcjA6kgrAAAABdSTG0RvcmF6aW8tQmlvbWV0cmljcy0yMDAzLnBkZgAAAAAAAAAAAAAAAAAAAAAAAAAAAAAAAAAAAAAAAAAAAAAAAAAI+2zINFTqAAAAAAAAAAAAAQADAAAJIAAAAAAAAAAAAAAAAAAAAAQyMDAzABAACAAAzcj5KgAAABEACAAAyDSNKgAAAAEAFAAF1JMABdROAAXT0AAFwJoAAhIpAAIATU1hY2ludG9zaCBIRDpVc2VyczoAZGlsbDoARHJvcGJveDoAUGFwZXJzMjoAMjAwMzoARG9yYXppby1CaW9tZXRyaWNzLTIwMDMucGRmAAAOADgAGwBEAG8AcgBhAHoAaQBvAC0AQgBpAG8AbQBlAHQAcgBpAGMAcwAtADIAMAAwADMALgBwAGQAZgAPABoADABNAGEAYwBpAG4AdABvAHMAaAAgAEgARAASADtVc2Vycy9kaWxsL0Ryb3Bib3gvUGFwZXJzMi8yMDAzL0RvcmF6aW8tQmlvbWV0cmljcy0yMDAzLnBkZgAAEwABLwAAFQACAAv//wAAgAbSGxwdHlokY2xhc3NuYW1lWCRjbGFzc2VzXU5TTXV0YWJsZURhdGGjHR8gVk5TRGF0YVhOU09iamVjdNIbHCIjXE5TRGljdGlvbmFyeaIiIF8QD05TS2V5ZWRBcmNoaXZlctEmJ1Ryb290gAEACAARABoAIwAtADIANwBAAEYATQBVAGAAZwBqAGwAbgBxAHMAdQB3AIQAjgC8AMEAyQKXApkCngKpArICwALEAssC1ALZAuYC6QL7Av4DAwAAAAAAAAIBAAAAAAAAACgAAAAAAAAAAAAAAAAAAAMF},
	Bdsk-Url-1 = {http://dx.doi.org/10.1111/1541-0420.00042}}

@article{Link:2003wo,
	Author = {Link, WA},
	Date-Added = {2009-11-30T12:47:43GMT},
	Date-Modified = {2013-12-10T18:01:15GMT},
	File = {{Link-Biometrics-2003.pdf:/Users/dill/Dropbox/Papers2/2003/Link-Biometrics-2003.pdf:application/pdf}},
	Journal = {Biometrics},
	Local-Url = {file://localhost/Users/dill/Dropbox/Papers2/2003/Link-Biometrics-2003.pdf},
	Number = {4},
	Pages = {1123--1130},
	Rating = {0},
	Read = {Yes},
	Title = {{Nonidentifiability of population size from capture-recapture data with heterogeneous detection probabilities}},
	Uri = {\url{papers2://publication/uuid/92E1141A-5CB4-47F3-81B5-9666B4916121}},
	Volume = {59},
	Year = {2003},
	Bdsk-File-1 = {YnBsaXN0MDDUAQIDBAUGJCVYJHZlcnNpb25YJG9iamVjdHNZJGFyY2hpdmVyVCR0b3ASAAGGoKgHCBMUFRYaIVUkbnVsbNMJCgsMDxJXTlMua2V5c1pOUy5vYmplY3RzViRjbGFzc6INDoACgAOiEBGABIAFgAdccmVsYXRpdmVQYXRoWWFsaWFzRGF0YV8QKC4uL1BhcGVyczIvMjAwMy9MaW5rLUJpb21ldHJpY3MtMjAwMy5wZGbSFwsYGVdOUy5kYXRhTxEBvAAAAAABvAACAAAMTWFjaW50b3NoIEhEAAAAAAAAAAAAAAAAAAAAzcjA6kgrAAAABdSTGExpbmstQmlvbWV0cmljcy0yMDAzLnBkZgAAAAAAAAAAAAAAAAAAAAAAAAAAAAAAAAAAAAAAAAAAAAAAAAAAAAAI32rINFTqAAAAAAAAAAAAAQADAAAJIAAAAAAAAAAAAAAAAAAAAAQyMDAzABAACAAAzcj5KgAAABEACAAAyDSNKgAAAAEAFAAF1JMABdROAAXT0AAFwJoAAhIpAAIASk1hY2ludG9zaCBIRDpVc2VyczoAZGlsbDoARHJvcGJveDoAUGFwZXJzMjoAMjAwMzoATGluay1CaW9tZXRyaWNzLTIwMDMucGRmAA4AMgAYAEwAaQBuAGsALQBCAGkAbwBtAGUAdAByAGkAYwBzAC0AMgAwADAAMwAuAHAAZABmAA8AGgAMAE0AYQBjAGkAbgB0AG8AcwBoACAASABEABIAOFVzZXJzL2RpbGwvRHJvcGJveC9QYXBlcnMyLzIwMDMvTGluay1CaW9tZXRyaWNzLTIwMDMucGRmABMAAS8AABUAAgAL//8AAIAG0hscHR5aJGNsYXNzbmFtZVgkY2xhc3Nlc11OU011dGFibGVEYXRhox0fIFZOU0RhdGFYTlNPYmplY3TSGxwiI1xOU0RpY3Rpb25hcnmiIiBfEA9OU0tleWVkQXJjaGl2ZXLRJidUcm9vdIABAAgAEQAaACMALQAyADcAQABGAE0AVQBgAGcAagBsAG4AcQBzAHUAdwCEAI4AuQC+AMYChgKIAo0CmAKhAq8CswK6AsMCyALVAtgC6gLtAvIAAAAAAAACAQAAAAAAAAAoAAAAAAAAAAAAAAAAAAAC9A==}}

@book{Buckland:2001vm,
	Author = {Buckland, Stephen T and Anderson, D R and Burnham, Kenneth P and Laake, Jeffrey L and Borchers, David L and Thomas, Len},
	Date-Added = {2012-05-29T17:59:25GMT},
	Date-Modified = {2013-12-10T18:00:04GMT},
	Publisher = {Oxford University Press},
	Rating = {0},
	Read = {Yes},
	Title = {{Introduction to Distance Sampling}},
	Uri = {\url{papers2://publication/uuid/628737E2-D98A-42CD-8546-93F1C833D11F}},
	Year = {2001}}

@article{Pledger:2000tc,
	Author = {Pledger, S},
	Date-Added = {2009-11-30T12:47:43GMT},
	Date-Modified = {2013-04-02T18:01:16GMT},
	File = {{Pledger-Biometrics-2000.pdf:/Users/dill/Dropbox/Papers2/2000/Pledger-Biometrics-2000.pdf:application/pdf}},
	Journal = {Biometrics},
	Local-Url = {file://localhost/Users/dill/Dropbox/Papers2/2000/Pledger-Biometrics-2000.pdf},
	Number = {2},
	Pages = {434--442},
	Rating = {0},
	Read = {Yes},
	Title = {{Unified maximum likelihood estimates for closed capture-recapture models using mixtures}},
	Uri = {\url{papers2://publication/uuid/16E42111-9BED-4700-97F7-2CBB46F007CE}},
	Volume = {56},
	Year = {2000}}

@article{Buckland:1992wy,
	Author = {Buckland, Stephen T},
	Date-Added = {2013-04-02T17:54:15GMT},
	Date-Modified = {2014-05-07 15:20:39 +0000},
	File = {{Buckland--1992.pdf:/Users/dill/Dropbox/Papers2/1992/Buckland--1992.pdf:application/pdf}},
	Journal = {Journal of the Royal Statistical Society. Series C: Applied Statistics},
	Local-Url = {file://localhost/Users/dill/Dropbox/Papers2/1992/Buckland--1992.pdf},
	Number = {1},
	Pages = {63--76},
	Publisher = {JSTOR},
	Rating = {0},
	Title = {{Fitting density functions with polynomials}},
	Uri = {\url{papers2://publication/uuid/A927BC1F-A5C6-49F1-8400-36A1182D3DFB}},
	Url = {http://www.jstor.org/stable/10.2307/2347618},
	Volume = {41},
	Year = {1992},
	Bdsk-File-1 = {YnBsaXN0MDDUAQIDBAUGJCVYJHZlcnNpb25YJG9iamVjdHNZJGFyY2hpdmVyVCR0b3ASAAGGoKgHCBMUFRYaIVUkbnVsbNMJCgsMDxJXTlMua2V5c1pOUy5vYmplY3RzViRjbGFzc6INDoACgAOiEBGABIAFgAdccmVsYXRpdmVQYXRoWWFsaWFzRGF0YV8QIi4uL1BhcGVyczIvMTk5Mi9CdWNrbGFuZC0tMTk5Mi5wZGbSFwsYGVdOUy5kYXRhTxEBpAAAAAABpAACAAAMTWFjaW50b3NoIEhEAAAAAAAAAAAAAAAAAAAAzcjA6kgrAAAABdR2EkJ1Y2tsYW5kLS0xOTkyLnBkZgAAAAAAAAAAAAAAAAAAAAAAAAAAAAAAAAAAAAAAAAAAAAAAAAAAAAAAAAAAAAAJtjvNgJOHAAAAAAAAAAAAAQADAAAJIAAAAAAAAAAAAAAAAAAAAAQxOTkyABAACAAAzcj5KgAAABEACAAAzYDLxwAAAAEAFAAF1HYABdROAAXT0AAFwJoAAhIpAAIARE1hY2ludG9zaCBIRDpVc2VyczoAZGlsbDoARHJvcGJveDoAUGFwZXJzMjoAMTk5MjoAQnVja2xhbmQtLTE5OTIucGRmAA4AJgASAEIAdQBjAGsAbABhAG4AZAAtAC0AMQA5ADkAMgAuAHAAZABmAA8AGgAMAE0AYQBjAGkAbgB0AG8AcwBoACAASABEABIAMlVzZXJzL2RpbGwvRHJvcGJveC9QYXBlcnMyLzE5OTIvQnVja2xhbmQtLTE5OTIucGRmABMAAS8AABUAAgAL//8AAIAG0hscHR5aJGNsYXNzbmFtZVgkY2xhc3Nlc11OU011dGFibGVEYXRhox0fIFZOU0RhdGFYTlNPYmplY3TSGxwiI1xOU0RpY3Rpb25hcnmiIiBfEA9OU0tleWVkQXJjaGl2ZXLRJidUcm9vdIABAAgAEQAaACMALQAyADcAQABGAE0AVQBgAGcAagBsAG4AcQBzAHUAdwCEAI4AswC4AMACaAJqAm8CegKDApEClQKcAqUCqgK3AroCzALPAtQAAAAAAAACAQAAAAAAAAAoAAAAAAAAAAAAAAAAAAAC1g==},
	Bdsk-Url-1 = {http://www.jstor.org/stable/10.2307/2347618}}

@article{Schittkowski:1986wj,
	Author = {Schittkowski, K},
	Date-Added = {2013-11-27T17:24:22GMT},
	Date-Modified = {2013-11-27T17:25:58GMT},
	Journal = {Annals of Operations Research},
	Pages = {485--500},
	Rating = {0},
	Title = {{NLPQL: A Fortran subroutine for solving constrained nonlinear programming problems}},
	Uri = {\url{papers2://publication/uuid/22225D6D-C4DD-426E-80CE-0779A65C8C87}},
	Volume = {5},
	Year = {1986}}

@article{Aitkin:1980uw,
	Abstract = {Mixture Models , Outliers, and the EM Algorithm ... Murray Aitkin Centre for Applied Statistics University of Lancaster Lancaster LA1 4YX, England ... Department of Mathematics University of Lancaster Lancaster LA1 4YL, England ... Maximum likelihood (ML) methods are ...},
	Author = {Aitkin, M},
	Date-Added = {2011-01-24T10:12:15GMT},
	Date-Modified = {2013-09-24T18:48:47GMT},
	File = {{Aitkin-Technometrics-1980.pdf:/Users/dill/Dropbox/Papers2/1980/Aitkin-Technometrics-1980.pdf:application/pdf}},
	Journal = {Technometrics},
	Local-Url = {file://localhost/Users/dill/Dropbox/Papers2/1980/Aitkin-Technometrics-1980.pdf},
	Month = jan,
	Rating = {0},
	Title = {{Mixture models, outliers, and the EM algorithm}},
	Uri = {\url{papers2://publication/uuid/FDC648A4-4158-4D68-BF58-7EEEDE6DB06C}},
	Url = {http://www.jstor.org/stable/1268316},
	Year = {1980},
	Bdsk-File-1 = {YnBsaXN0MDDUAQIDBAUGJCVYJHZlcnNpb25YJG9iamVjdHNZJGFyY2hpdmVyVCR0b3ASAAGGoKgHCBMUFRYaIVUkbnVsbNMJCgsMDxJXTlMua2V5c1pOUy5vYmplY3RzViRjbGFzc6INDoACgAOiEBGABIAFgAdccmVsYXRpdmVQYXRoWWFsaWFzRGF0YV8QLS4uL1BhcGVyczIvMTk4MC9BaXRraW4tVGVjaG5vbWV0cmljcy0xOTgwLnBkZtIXCxgZV05TLmRhdGFPEQHSAAAAAAHSAAIAAAxNYWNpbnRvc2ggSEQAAAAAAAAAAAAAAAAAAADNyMDqSCsAAAAF1HMdQWl0a2luLVRlY2hub21ldHJpY3MtMTk4MC5wZGYAAAAAAAAAAAAAAAAAAAAAAAAAAAAAAAAAAAAAAAAAAAAAAAmhJcliuq8AAAAAAAAAAAABAAMAAAkgAAAAAAAAAAAAAAAAAAAABDE5ODAAEAAIAADNyPkqAAAAEQAIAADJYwD/AAAAAQAUAAXUcwAF1E4ABdPQAAXAmgACEikAAgBPTWFjaW50b3NoIEhEOlVzZXJzOgBkaWxsOgBEcm9wYm94OgBQYXBlcnMyOgAxOTgwOgBBaXRraW4tVGVjaG5vbWV0cmljcy0xOTgwLnBkZgAADgA8AB0AQQBpAHQAawBpAG4ALQBUAGUAYwBoAG4AbwBtAGUAdAByAGkAYwBzAC0AMQA5ADgAMAAuAHAAZABmAA8AGgAMAE0AYQBjAGkAbgB0AG8AcwBoACAASABEABIAPVVzZXJzL2RpbGwvRHJvcGJveC9QYXBlcnMyLzE5ODAvQWl0a2luLVRlY2hub21ldHJpY3MtMTk4MC5wZGYAABMAAS8AABUAAgAL//8AAIAG0hscHR5aJGNsYXNzbmFtZVgkY2xhc3Nlc11OU011dGFibGVEYXRhox0fIFZOU0RhdGFYTlNPYmplY3TSGxwiI1xOU0RpY3Rpb25hcnmiIiBfEA9OU0tleWVkQXJjaGl2ZXLRJidUcm9vdIABAAgAEQAaACMALQAyADcAQABGAE0AVQBgAGcAagBsAG4AcQBzAHUAdwCEAI4AvgDDAMsCoQKjAqgCswK8AsoCzgLVAt4C4wLwAvMDBQMIAw0AAAAAAAACAQAAAAAAAAAoAAAAAAAAAAAAAAAAAAADDw==},
	Bdsk-Url-1 = {http://www.jstor.org/stable/1268316}}

@article{Hill:1980vg,
	Author = {Hill, DL and Saunders, R and Laud, PW},
	Date-Added = {2009-11-30T12:47:42GMT},
	Date-Modified = {2013-09-24T18:48:45GMT},
	File = {{Hill-The_Canadian_Journal_of_StatisticsLa_Revue_Canadienne_de_Statistique-1980.pdf:/Users/dill/Dropbox/Papers2/1980/Hill-The_Canadian_Journal_of_StatisticsLa_Revue_Canadienne_de_Statistique-1980.pdf:application/pdf}},
	Journal = {The Canadian Journal of Statistics/La Revue Canadienne de Statistique},
	Local-Url = {file://localhost/Users/dill/Dropbox/Papers2/1980/Hill-The_Canadian_Journal_of_StatisticsLa_Revue_Canadienne_de_Statistique-1980.pdf},
	Number = {1},
	Pages = {87--93},
	Rating = {0},
	Title = {{Maximum likelihood estimation for mixtures}},
	Uri = {\url{papers2://publication/uuid/710634D4-C624-41F3-99D7-1D0ED0981912}},
	Volume = {8},
	Year = {1980},
	Bdsk-File-1 = {YnBsaXN0MDDUAQIDBAUGJCVYJHZlcnNpb25YJG9iamVjdHNZJGFyY2hpdmVyVCR0b3ASAAGGoKgHCBMUFRYaIVUkbnVsbNMJCgsMDxJXTlMua2V5c1pOUy5vYmplY3RzViRjbGFzc6INDoACgAOiEBGABIAFgAdccmVsYXRpdmVQYXRoWWFsaWFzRGF0YV8QYi4uL1BhcGVyczIvMTk4MC9IaWxsLVRoZV9DYW5hZGlhbl9Kb3VybmFsX29mX1N0YXRpc3RpY3NMYV9SZXZ1ZV9DYW5hZGllbm5lX2RlX1N0YXRpc3RpcXVlLTE5ODAucGRm0hcLGBlXTlMuZGF0YU8RAnIAAAAAAnIAAgAADE1hY2ludG9zaCBIRAAAAAAAAAAAAAAAAAAAAM3IwOpIKwAAAAXUcx9IaWxsLVRoZV9DYW5hZGlhbl9Kb3UjOEVGOEMucGRmAAAAAAAAAAAAAAAAAAAAAAAAAAAAAAAAAAAAAAAAAAAACO+MyDRU6QAAAAAAAAAAAAEAAwAACSAAAAAAAAAAAAAAAAAAAAAEMTk4MAAQAAgAAM3I+SoAAAARAAgAAMg0jSkAAAABABQABdRzAAXUTgAF09AABcCaAAISKQACAFFNYWNpbnRvc2ggSEQ6VXNlcnM6AGRpbGw6AERyb3Bib3g6AFBhcGVyczI6ADE5ODA6AEhpbGwtVGhlX0NhbmFkaWFuX0pvdSM4RUY4Qy5wZGYAAA4ApgBSAEgAaQBsAGwALQBUAGgAZQBfAEMAYQBuAGEAZABpAGEAbgBfAEoAbwB1AHIAbgBhAGwAXwBvAGYAXwBTAHQAYQB0AGkAcwB0AGkAYwBzAEwAYQBfAFIAZQB2AHUAZQBfAEMAYQBuAGEAZABpAGUAbgBuAGUAXwBkAGUAXwBTAHQAYQB0AGkAcwB0AGkAcQB1AGUALQAxADkAOAAwAC4AcABkAGYADwAaAAwATQBhAGMAaQBuAHQAbwBzAGgAIABIAEQAEgByVXNlcnMvZGlsbC9Ecm9wYm94L1BhcGVyczIvMTk4MC9IaWxsLVRoZV9DYW5hZGlhbl9Kb3VybmFsX29mX1N0YXRpc3RpY3NMYV9SZXZ1ZV9DYW5hZGllbm5lX2RlX1N0YXRpc3RpcXVlLTE5ODAucGRmABMAAS8AABUAAgAL//8AAIAG0hscHR5aJGNsYXNzbmFtZVgkY2xhc3Nlc11OU011dGFibGVEYXRhox0fIFZOU0RhdGFYTlNPYmplY3TSGxwiI1xOU0RpY3Rpb25hcnmiIiBfEA9OU0tleWVkQXJjaGl2ZXLRJidUcm9vdIABAAgAEQAaACMALQAyADcAQABGAE0AVQBgAGcAagBsAG4AcQBzAHUAdwCEAI4A8wD4AQADdgN4A30DiAORA58DowOqA7MDuAPFA8gD2gPdA+IAAAAAAAACAQAAAAAAAAAoAAAAAAAAAAAAAAAAAAAD5A==}}

@phdthesis{Ye:1987wt,
	Author = {Ye, Yinyu},
	School = {Stanford University},
	Title = {{Interior Algorithms for Linear, Quadratic, and Linearly Constrained Convex Programming}},
	Year = {1987}}

@article{Giammarino:2014eg,
author = {Giammarino, Mauro and Quatto, Piero},
title = {{On estimating Hooded crow density from line transect data through exponential mixture models}},
journal = {Environmental and Ecological Statistics},
year = {2014},
month = jan
}

  @Manual{mrds,
    title = {mrds: Mark-Recapture Distance Sampling (mrds)},
    author = {Laake, Jeffrey L and Borchers, David L and Thomas, Len and Miller, David L and Bishop, Jon R},
    year = {2014},
    note = {R package version 2.1.6},
    url = {http://CRAN.R-project.org/package=mrds},
  }
  
 @Manual{mmds,
    title = {mmds: Mixture Model Distance Sampling (mmds)},
    author = {Miller, David L},
    year = {2011},
    note = {R package version 1.1},
        url = {http://CRAN.R-project.org/package=mmds},
  }
  
    @Manual{Distance,
    title = {Distance: A simple way to fit detection functions to distance sampling data and
calculate abundance/density for biological populations.},
    author = {David Lawrence Miller},
    year = {2014},
    note = {R package version 0.6.1},
    url = {http://CRAN.R-project.org/package=Distance},
  }
@article{Borchers:2010bq,
author = {Borchers, David and Marques, Tiago and Gunnlaugsson, Thorvaldur and Jupp, Peter},
title = {{Estimating Distance Sampling Detection Functions When Distances Are Measured With~Errors}},
journal={Biometrics},
year = {2010},
volume = {15},
number = {3},
pages = {346--361},
month = mar
}


@article{Otto:1990kk,
author = {Otto, Mark C and Pollock, Kenneth H},
title = {{Size Bias in Line Transect Sampling: A Field Test}},
journal = {Biometrics},
year = {1990},
volume = {46},
number = {1},
pages = {239--245},
month = mar
}


