%% Created using Papers on Fri, 09 May 2014.
%% http://papersapp.com/papers/

@article{Beavers:1998wk,
author = {Beavers, S.C. and Ramsey, F.L.},
title = {{Detectability analysis in transect surveys}},
journal = {Journal of Wildlife Management},
year = {1998},
pages = {948--957}
}

@book{Borchers:2002vc,
author = {Borchers, D L and Buckland, S T and Zucchini, W},
title = {{Estimating Animal Abundance
}},
publisher = {Springer},
year = {2002}
}

@article{Borchers:1998uwa,
author = {Borchers, D L and Buckland, S T and Goedhart, PW and Clarke, E D and Hedley, Sharon L},
title = {{Horvitz-Thompson estimators for double-platform line transect surveys}},
journal = {Biometrics},
year = {1998},
pages = {1221--1237}
}

@book{Buckland:2001vm,
author = {Buckland, S T and Anderson, D R and Burnham, K P and Laake, J L and Borchers, D L and Thomas, L},
title = {{Introduction to Distance Sampling}},
publisher = {Oxford University Press},
year = {2001}
}

@article{Dempster:1977ul,
author = {Dempster, A P and Laird, N M and Rubin, D B},
title = {{Maximum likelihood from incomplete data via the EM algorithm}},
journal = {Journal of the Royal Statistical Society. Series B, Statistical Methodology},
year = {1977}
}

@book{Gelman:2013tc,
author = {Gelman, A and Carlin, J B and Stern, H S and Dunson, D B and Vehtari, A},
title = {{Bayesian Data Analysis}},
publisher = {CRC Press},
year = {2013}
}

@article{Marin:2005wf,
author = {Marin, Jean-Michel and Mengersen, Kerrie and Robert, Christian P},
title = {{Bayesian modelling and inference on mixtures of distributions}},
journal = {Handbook of statistics},
year = {2005},
volume = {25},
pages = {459--507}
}

@article{Marques:2003vb,
author = {Marques, FFC and Buckland, S T},
title = {{Incorporating covariates into standard line transect analyses}},
journal = {Biometrics},
year = {2003},
volume = {59},
number = {4},
pages = {924--935}
}

@article{Marques:2007vm,
author = {Marques, Tiago A and Thomas, L and Fancy, SG and Buckland, S T},
title = {{Improving estimates of bird density using multiple-covariate distance sampling}},
journal = {The Auk},
year = {2007},
volume = {124},
number = {4},
pages = {1229--1243}
}

@book{Press:1990tn,
author = {Press, W H and Flannery, B P and Teukolsky, S A and Vetterling, W T},
title = {{Numerical recipes}},
publisher = {Cambridge University Press},
year = {1990}
}

